@article{saltzherr2013cost,
  title={Cost-effectiveness of trauma CT in the trauma room versus the radiology department: the REACT trial},
  author={Saltzherr, TP and Goslings, JC and Bakker, FC and Beenen, LFM and Olff, M and Meijssen, K and Asselman, FF and Reitsma, JB and Dijkgraaf, MGW and REACT study group and others},
  journal={European radiology},
  volume={23},
  number={1},
  pages={148--155},
  year={2013},
  publisher={Springer}
}

@article{rawson2016lessons,
  title={Lessons learned from two decades of patient-and family-centered care in radiology, part 1: getting started},
  author={Rawson, James V and Mitchell, Layne and Golden, Lewis and Murdock, Alisa and Haines, G Rebecca},
  journal={Journal of the American College of Radiology},
  volume={13},
  number={12},
  pages={1555--1559},
  year={2016},
  publisher={Elsevier}
}

@incollection{kopans2004breast,
  title={Breast imaging},
  author={Kopans, Daniel B},
  booktitle={Classic Papers in Breast Disease},
  pages={162--180},
  year={2004},
  publisher={CRC Press}
}

@article{rhodes2011dedicated,
  title={Dedicated dual-head gamma imaging for breast cancer screening in women with mammographically dense breasts},
  author={Rhodes, Deborah J and Hruska, Carrie B and Phillips, Stephen W and Whaley, Dana H and O'connor, Michael K},
  journal={Radiology},
  volume={258},
  number={1},
  pages={106--118},
  year={2011},
  publisher={Radiological Society of North America, Inc.}
}

@article{nothacker2009early,
  title={Early detection of breast cancer: benefits and risks of supplemental breast ultrasound in asymptomatic women with mammographically dense breast tissue. A systematic review},
  author={Nothacker, Monika and Duda, Volker and Hahn, Markus and Warm, Mathias and Degenhardt, Friedrich and Madjar, Helmut and Weinbrenner, Susanne and Albert, Ute-Susann},
  journal={BMC cancer},
  volume={9},
  number={1},
  pages={335},
  year={2009},
  publisher={BioMed Central}
}

@online{workflow,
  author = {CMR Naviscan},
  title = {{LumaGEM} MBI Workflow},
  year = 2018,
  url = {http://www.cmr-naviscan.com/lumagem-mbi-workflow/},
  urldate = {2018-05-04}
}

@article{chen2007meta,
  title={Meta-analysis of BRCA1 and BRCA2 penetrance},
  author={Chen, Sining and Parmigiani, Giovanni},
  journal={Journal of clinical oncology: official journal of the American Society of Clinical Oncology},
  volume={25},
  number={11},
  pages={1329},
  year={2007},
  publisher={NIH Public Access}
}
