@inproceedings{Calisto:2017:TTM:3132272.3134111,
 author = {Calisto, Francisco M. and Ferreira, Alfredo and Nascimento, Jacinto C. and Gon\c{c}alves, Daniel},
 title = {Towards Touch-Based Medical Image Diagnosis Annotation},
 booktitle = {Proceedings of the 2017 ACM International Conference on Interactive Surfaces and Spaces},
 series = {ISS '17},
 year = {2017},
 isbn = {978-1-4503-4691-7},
 location = {Brighton, United Kingdom},
 pages = {390--395},
 numpages = {6},
 url = {http://doi.acm.org/10.1145/3132272.3134111},
 doi = {10.1145/3132272.3134111},
 acmid = {3134111},
 publisher = {ACM},
 address = {New York, NY, USA},
 keywords = {Human-Computer Interaction, Interaction Design, Medical Image Diagnosis, Medical Visualization, Touch-Based},
}

@article{bassett1992mammographic,
  title={Mammographic analysis of calcifications.},
  author={Bassett, Lawrence W},
  journal={Radiologic Clinics of North America},
  volume={30},
  number={1},
  pages={93--105},
  year={1992}
}

@article{shen1994application,
  title={Application of shape analysis to mammographic calcifications},
  author={Shen, Liang and Rangayyan, Rangaraj M and Desautels, JE Leo},
  journal={IEEE transactions on medical imaging},
  volume={13},
  number={2},
  pages={263--274},
  year={1994},
  publisher={IEEE}
}

@article{yu2000cad,
  title={A CAD system for the automatic detection of clustered microcalcifications in digitized mammogram films},
  author={Yu, Songyang and Guan, Ling},
  journal={IEEE transactions on medical imaging},
  volume={19},
  number={2},
  pages={115--126},
  year={2000},
  publisher={IEEE}
}

@article{chan1987image,
  title={Image feature analysis and computer-aided diagnosis in digital radiography. I. Automated detection of microcalcifications in mammography},
  author={Chan, Heang-Ping and Galhotra, Simranjit and Vyborny, Carl J and MacMahon, Heber and Jokich, Peter M and others},
  journal={Medical physics},
  volume={14},
  number={4},
  pages={538--548},
  year={1987},
  publisher={Wiley Online Library}
}

@article{berg2002does,
  title={Does training in the Breast Imaging Reporting and Data System (BI-RADS) improve biopsy recommendations or feature analysis agreement with experienced breast imagers at mammography?},
  author={Berg, Wendie A and D'Orsi, Carl J and Jackson, Valerie P and Bassett, Lawrence W and Beam, Craig A and Lewis, Rebecca S and Crewson, Philip E},
  journal={Radiology},
  volume={224},
  number={3},
  pages={871--880},
  year={2002},
  publisher={Radiological Society of North America}
}
